%YAML 1.1
%TAG !u! tag:unity3d.com,2011:
--- !u!29 &1
OcclusionCullingSettings:
  m_ObjectHideFlags: 0
  serializedVersion: 2
  m_OcclusionBakeSettings:
    smallestOccluder: 5
    smallestHole: 0.25
    backfaceThreshold: 100
  m_SceneGUID: 00000000000000000000000000000000
  m_OcclusionCullingData: {fileID: 0}
--- !u!104 &2
RenderSettings:
  m_ObjectHideFlags: 0
  serializedVersion: 8
  m_Fog: 0
  m_FogColor: {r: 0.5, g: 0.5, b: 0.5, a: 1}
  m_FogMode: 3
  m_FogDensity: 0.01
  m_LinearFogStart: 0
  m_LinearFogEnd: 300
  m_AmbientSkyColor: {r: 0.212, g: 0.227, b: 0.259, a: 1}
  m_AmbientEquatorColor: {r: 0.114, g: 0.125, b: 0.133, a: 1}
  m_AmbientGroundColor: {r: 0.047, g: 0.043, b: 0.035, a: 1}
  m_AmbientIntensity: 1
  m_AmbientMode: 0
  m_SubtractiveShadowColor: {r: 0.42, g: 0.478, b: 0.627, a: 1}
  m_SkyboxMaterial: {fileID: 10304, guid: 0000000000000000f000000000000000, type: 0}
  m_HaloStrength: 0.5
  m_FlareStrength: 1
  m_FlareFadeSpeed: 3
  m_HaloTexture: {fileID: 0}
  m_SpotCookie: {fileID: 10001, guid: 0000000000000000e000000000000000, type: 0}
  m_DefaultReflectionMode: 0
  m_DefaultReflectionResolution: 128
  m_ReflectionBounces: 1
  m_ReflectionIntensity: 1
  m_CustomReflection: {fileID: 0}
  m_Sun: {fileID: 0}
  m_IndirectSpecularColor: {r: 0, g: 0, b: 0, a: 1}
--- !u!157 &4
LightmapSettings:
  m_ObjectHideFlags: 0
  serializedVersion: 11
  m_GIWorkflowMode: 0
  m_GISettings:
    serializedVersion: 2
    m_BounceScale: 1
    m_IndirectOutputScale: 1
    m_AlbedoBoost: 1
    m_TemporalCoherenceThreshold: 1
    m_EnvironmentLightingMode: 0
    m_EnableBakedLightmaps: 1
    m_EnableRealtimeLightmaps: 1
  m_LightmapEditorSettings:
    serializedVersion: 9
    m_Resolution: 2
    m_BakeResolution: 40
    m_TextureWidth: 1024
    m_TextureHeight: 1024
    m_AO: 0
    m_AOMaxDistance: 1
    m_CompAOExponent: 0
    m_CompAOExponentDirect: 0
    m_Padding: 2
    m_LightmapParameters: {fileID: 0}
    m_LightmapsBakeMode: 1
    m_TextureCompression: 1
    m_FinalGather: 0
    m_FinalGatherFiltering: 1
    m_FinalGatherRayCount: 1024
    m_ReflectionCompression: 2
    m_MixedBakeMode: 1
    m_BakeBackend: 0
    m_PVRSampling: 1
    m_PVRDirectSampleCount: 32
    m_PVRSampleCount: 500
    m_PVRBounces: 2
    m_PVRFilterTypeDirect: 0
    m_PVRFilterTypeIndirect: 0
    m_PVRFilterTypeAO: 0
    m_PVRFilteringMode: 0
    m_PVRCulling: 1
    m_PVRFilteringGaussRadiusDirect: 1
    m_PVRFilteringGaussRadiusIndirect: 5
    m_PVRFilteringGaussRadiusAO: 2
    m_PVRFilteringAtrousPositionSigmaDirect: 0.5
    m_PVRFilteringAtrousPositionSigmaIndirect: 2
    m_PVRFilteringAtrousPositionSigmaAO: 1
    m_ShowResolutionOverlay: 1
  m_LightingDataAsset: {fileID: 0}
  m_UseShadowmask: 0
--- !u!196 &5
NavMeshSettings:
  serializedVersion: 2
  m_ObjectHideFlags: 0
  m_BuildSettings:
    serializedVersion: 2
    agentTypeID: 0
    agentRadius: 0.5
    agentHeight: 2
    agentSlope: 45
    agentClimb: 0.4
    ledgeDropHeight: 0
    maxJumpAcrossDistance: 0
    minRegionArea: 2
    manualCellSize: 0
    cellSize: 0.16666667
    manualTileSize: 0
    tileSize: 256
    accuratePlacement: 0
    debug:
      m_Flags: 0
  m_NavMeshData: {fileID: 0}
--- !u!1 &131530204
GameObject:
  m_ObjectHideFlags: 0
  m_PrefabParentObject: {fileID: 0}
  m_PrefabInternal: {fileID: 0}
  serializedVersion: 5
  m_Component:
  - component: {fileID: 131530206}
  - component: {fileID: 131530205}
  m_Layer: 0
  m_Name: Directional Light
  m_TagString: Untagged
  m_Icon: {fileID: 0}
  m_NavMeshLayer: 0
  m_StaticEditorFlags: 0
  m_IsActive: 1
--- !u!108 &131530205
Light:
  m_ObjectHideFlags: 0
  m_PrefabParentObject: {fileID: 0}
  m_PrefabInternal: {fileID: 0}
  m_GameObject: {fileID: 131530204}
  m_Enabled: 1
  serializedVersion: 8
  m_Type: 1
  m_Color: {r: 1, g: 0.95686275, b: 0.8392157, a: 1}
  m_Intensity: 1
  m_Range: 10
  m_SpotAngle: 30
  m_CookieSize: 10
  m_Shadows:
    m_Type: 2
    m_Resolution: 3
    m_CustomResolution: -1
    m_Strength: 1
    m_Bias: 0.05
    m_NormalBias: 0.4
    m_NearPlane: 0.2
  m_Cookie: {fileID: 0}
  m_DrawHalo: 0
  m_Flare: {fileID: 0}
  m_RenderMode: 0
  m_CullingMask:
    serializedVersion: 2
    m_Bits: 4294967295
  m_Lightmapping: 4
  m_AreaSize: {x: 1, y: 1}
  m_BounceIntensity: 1
  m_ColorTemperature: 6570
  m_UseColorTemperature: 0
  m_ShadowRadius: 0
  m_ShadowAngle: 0
--- !u!4 &131530206
Transform:
  m_ObjectHideFlags: 0
  m_PrefabParentObject: {fileID: 0}
  m_PrefabInternal: {fileID: 0}
  m_GameObject: {fileID: 131530204}
  m_LocalRotation: {x: 0.8876263, y: 0.13529898, z: 0.13529898, w: 0.4189367}
  m_LocalPosition: {x: 0, y: 3, z: 0}
  m_LocalScale: {x: 1, y: 1, z: 1}
  m_Children: []
  m_Father: {fileID: 0}
  m_RootOrder: 1
  m_LocalEulerAnglesHint: {x: 0, y: 0, z: 0}
--- !u!1 &831312772
GameObject:
  m_ObjectHideFlags: 0
  m_PrefabParentObject: {fileID: 0}
  m_PrefabInternal: {fileID: 0}
  serializedVersion: 5
  m_Component:
  - component: {fileID: 831312777}
  - component: {fileID: 831312776}
  - component: {fileID: 831312775}
  - component: {fileID: 831312774}
  - component: {fileID: 831312773}
  m_Layer: 0
  m_Name: Main Camera
  m_TagString: MainCamera
  m_Icon: {fileID: 0}
  m_NavMeshLayer: 0
  m_StaticEditorFlags: 0
  m_IsActive: 1
--- !u!81 &831312773
AudioListener:
  m_ObjectHideFlags: 0
  m_PrefabParentObject: {fileID: 0}
  m_PrefabInternal: {fileID: 0}
  m_GameObject: {fileID: 831312772}
  m_Enabled: 1
--- !u!124 &831312774
Behaviour:
  m_ObjectHideFlags: 0
  m_PrefabParentObject: {fileID: 0}
  m_PrefabInternal: {fileID: 0}
  m_GameObject: {fileID: 831312772}
  m_Enabled: 1
--- !u!92 &831312775
Behaviour:
  m_ObjectHideFlags: 0
  m_PrefabParentObject: {fileID: 0}
  m_PrefabInternal: {fileID: 0}
  m_GameObject: {fileID: 831312772}
  m_Enabled: 1
--- !u!20 &831312776
Camera:
  m_ObjectHideFlags: 0
  m_PrefabParentObject: {fileID: 0}
  m_PrefabInternal: {fileID: 0}
  m_GameObject: {fileID: 831312772}
  m_Enabled: 1
  serializedVersion: 2
  m_ClearFlags: 2
  m_BackGroundColor: {r: 0.44117647, g: 0.44117647, b: 0.44117647, a: 0.019607844}
  m_NormalizedViewPortRect:
    serializedVersion: 2
    x: 0
    y: 0
    width: 1
    height: 1
  near clip plane: 0.3
  far clip plane: 1000
  field of view: 60
  orthographic: 0
  orthographic size: 5
  m_Depth: -1
  m_CullingMask:
    serializedVersion: 2
    m_Bits: 4294967295
  m_RenderingPath: -1
  m_TargetTexture: {fileID: 0}
  m_TargetDisplay: 0
  m_TargetEye: 3
  m_HDR: 0
  m_AllowMSAA: 1
  m_AllowDynamicResolution: 0
  m_ForceIntoRT: 0
  m_OcclusionCulling: 1
  m_StereoConvergence: 10
  m_StereoSeparation: 0.022
--- !u!4 &831312777
Transform:
  m_ObjectHideFlags: 0
  m_PrefabParentObject: {fileID: 0}
  m_PrefabInternal: {fileID: 0}
  m_GameObject: {fileID: 831312772}
  m_LocalRotation: {x: 0, y: 0, z: 0, w: 1}
  m_LocalPosition: {x: 0, y: 1, z: -10}
  m_LocalScale: {x: 1, y: 1, z: 1}
  m_Children: []
  m_Father: {fileID: 0}
  m_RootOrder: 0
  m_LocalEulerAnglesHint: {x: 0, y: 0, z: 0}
--- !u!1 &1055856858
GameObject:
  m_ObjectHideFlags: 0
  m_PrefabParentObject: {fileID: 101794, guid: a14458e8aeda6c448bfb1868f2c050ec, type: 2}
  m_PrefabInternal: {fileID: 0}
  serializedVersion: 5
  m_Component:
  - component: {fileID: 1055856860}
  - component: {fileID: 1055856859}
  m_Layer: 0
  m_Name: TileWorldCreatorRTE
  m_TagString: Untagged
  m_Icon: {fileID: 0}
  m_NavMeshLayer: 0
  m_StaticEditorFlags: 0
  m_IsActive: 1
--- !u!114 &1055856859
MonoBehaviour:
  m_ObjectHideFlags: 0
  m_PrefabParentObject: {fileID: 11474812, guid: a14458e8aeda6c448bfb1868f2c050ec,
    type: 2}
  m_PrefabInternal: {fileID: 0}
  m_GameObject: {fileID: 1055856858}
  m_Enabled: 1
  m_EditorHideFlags: 0
  m_Script: {fileID: 11500000, guid: b1f7e6c13f884ae448c2644ca08b5d78, type: 3}
  m_Name: 
  m_EditorClassIdentifier: 
  creator: {fileID: 0}
  editorCam: {fileID: 0}
  showGrid: 1
  gridTexture: {fileID: 2800000, guid: 88f0b007183c0a041b4323a8d6455286, type: 3}
  mainMaterial: {fileID: 2100000, guid: 6255cab199e511c4b88c1d327a674521, type: 2}
  cellAddColor: {r: 0.27735728, g: 0.99264705, b: 0.37108502, a: 0.23529412}
  cellRemoveColor: {r: 0.5735294, g: 0.13916522, b: 0.13916522, a: 0.23529412}
  cursorColor: {r: 0.25, g: 0.7827586, b: 1, a: 0.23529412}
  path: 
  fileExtension: .xml
--- !u!4 &1055856860
Transform:
  m_ObjectHideFlags: 0
  m_PrefabParentObject: {fileID: 452822, guid: a14458e8aeda6c448bfb1868f2c050ec, type: 2}
  m_PrefabInternal: {fileID: 0}
  m_GameObject: {fileID: 1055856858}
  m_LocalRotation: {x: 0, y: 0, z: 0, w: 1}
  m_LocalPosition: {x: 0, y: 0, z: 0}
  m_LocalScale: {x: 1, y: 1, z: 1}
  m_Children: []
  m_Father: {fileID: 0}
  m_RootOrder: 3
  m_LocalEulerAnglesHint: {x: 0, y: 0, z: 0}
--- !u!1 &1067900642
GameObject:
  m_ObjectHideFlags: 0
  m_PrefabParentObject: {fileID: 174786, guid: 613ee1cd02e14d943b20e59c1775a38f, type: 2}
  m_PrefabInternal: {fileID: 0}
  serializedVersion: 5
  m_Component:
  - component: {fileID: 1067900645}
  - component: {fileID: 1067900644}
  - component: {fileID: 1067900643}
  m_Layer: 0
  m_Name: TileWorldCreator
  m_TagString: Untagged
  m_Icon: {fileID: 0}
  m_NavMeshLayer: 0
  m_StaticEditorFlags: 0
  m_IsActive: 1
--- !u!114 &1067900643
MonoBehaviour:
  m_ObjectHideFlags: 0
  m_PrefabParentObject: {fileID: 11474786, guid: 613ee1cd02e14d943b20e59c1775a38f,
    type: 2}
  m_PrefabInternal: {fileID: 0}
  m_GameObject: {fileID: 1067900642}
  m_Enabled: 1
  m_EditorHideFlags: 0
  m_Script: {fileID: 11500000, guid: c79a4dc34533a7f4a96529d8a5fdaff5, type: 3}
  m_Name: 
  m_EditorClassIdentifier: 
  creator: {fileID: 1067900644}
  startPositionSelected: 0
  endPositionSelected: 8
  startPositionGo: {fileID: 0}
  endPositionGo: {fileID: 0}
  startPositionOffset: {x: 0.5, y: 0.5, z: 0.5}
  endPositionOffset: {x: 0.5, y: 0.5, z: 0.5}
  placeTileTypeSelect: 0
  objects: []
  weights: []
  showObjects: 
  offsets: []
  placeTileSelect: 
  placeOnLayerSelected: 
  rndRotation: []
  rndScalingMin: []
  rndScalingMax: []
  uniformScaling: 
  spawnChilds: 
  spawnRadius: []
  childCount: 
  rndRotationChilds: []
  uniformScalingChilds: 
  rndScalingChildsMin: []
  rndScalingChildsMax: []
  worlContainerObjects: {fileID: 0}
  clusters: []
  containerStartEnd: {fileID: 0}
  progress: 0
--- !u!114 &1067900644
MonoBehaviour:
  m_ObjectHideFlags: 0
  m_PrefabParentObject: {fileID: 11474788, guid: 613ee1cd02e14d943b20e59c1775a38f,
    type: 2}
  m_PrefabInternal: {fileID: 0}
  m_GameObject: {fileID: 1067900642}
  m_Enabled: 1
  m_EditorHideFlags: 0
  m_Script: {fileID: 11500000, guid: ea4a734b4c53c2d4a86eb806892dacaf, type: 3}
  m_Name: 
  m_EditorClassIdentifier: 
  firstTimeBuild: 1
  worldName: 
  invert: 0
  floodunjoined: 1
  floodholes: 1
  createFloor: 1
  layerCount: 1
  layerInset: 1
  buildOverlappingTiles: 1
  deathLimit: 4
  birthLimit: 4
  chanceToStartAlive: 0.45
  numberOfSteps: 5
  randomSeed: -1
  minSize: 10
  optimizeSteps: 4
  width: 20
  height: 20
  origin: {x: 0, y: 0, z: 0}
  merge: 0
  clusterSize: 5
  addCollider: 1
  createMultiMaterialMesh: 1
  progress: 0
  useSettingsFromReference: 0
  settings:
    invert: 0
    floodunjoined: 1
    floodholes: 1
    createFloor: 1
    layerCount: 1
    layerInset: 2
    buildOverlappingTiles: 1
    deathLimit: 4
    birthLimit: 4
    chanceToStartAlive: 0.45
    numberOfSteps: 5
    randomSeed: -1
    minSize: 10
    width: 20
    height: 20
    clusterSize: 5
  autoBuild: 0
  brushx2: 1
  mergeReady: 0
  globalScale: 1
  scaleTiles: 1
  mapIndex: 0
  worldMap:
  - mapSingle: 01010101010101010101010101010101010101010101010101010101010101010101010101010101010101000000000000010101000000000001010101010100000000000000000000000000000001010101010000000000000000000000000000000101010101010101010101000000000000000001010101010101010101010101000000000101010101010101010000010101010100000001010101010101010100000000010101010100000001010101010101010000000000010101010000000001010101010101010000000000010100000000000001010101010101000000000000000000000000000101010101010101000000000000000000000001010101010101010100000000000000000000000101010101010101010000000000000000000000010101010101010101000000000000000000000000010101010101010100000000000000000000000001010101010101010000000000000000000000000101010101010101010101010101010100000001010101010101010101010101010101010101010101010101
    gameObjectsMapSingle: []
    useMask: 0
    paintMask: 0
    selectedMask: 0
    maskMapSingle: 
  presets:
  - tiles:
    - blockOffset: {x: 0.5, y: 0.5, z: 0.5}
      floorOffset: {x: 0.5, y: 0, z: 0.5}
      tileI: {fileID: 100000, guid: d31cf48b55a2f7b46b9d8ca11e3aefae, type: 2}
      tileC: {fileID: 100000, guid: 1ee73c0aac37165458bbdc78f22f48c3, type: 2}
      tileCi: {fileID: 100000, guid: 3c6187e589fd2e84ab0c3a126538e2a4, type: 2}
      tileB: {fileID: 100000, guid: 02a05115e414f8941a2ad7f5c51cb6dd, type: 2}
      tileF: {fileID: 100000, guid: a87f623a5c46a6d478fa7336977f911e, type: 2}
      yRotationOffset:
      - 0
      - 0
      - 0
      - 0
      - 0
    showPresetEditor: 0
  blockPresetIndex: 0
  layerPresetIndex: 000000000000000000000000000000000000000000000000000000000000000000000000000000000000000000000000000000000000000000000000
  blockLayerPresets:
  - 'Preset: 0'
  worldContainer: {fileID: 0}
  containers: []
  caverns:
  - x: 03000000030000000400000005000000060000000700000008000000070000000600000005000000040000000300000002000000030000000400000005000000060000000700000008000000090000000a0000000b0000000c0000000d0000000e0000000f000000100000000f0000000e0000000d0000000c0000000b0000000a0000000900000008000000090000000a0000000b0000000c0000000d0000000e0000000f00000010000000110000001000000011000000100000000f0000000e0000000d0000000c0000000b0000000a0000000a0000000b0000000c0000000d0000000c0000000b0000000c0000000d0000000c0000000b0000000a0000000b0000000c0000000d0000000e0000000d0000000e0000000f0000000e0000000d0000000c0000000b0000000a00000009000000080000000700000006000000050000000400000003000000020000000300000004000000030000000200000003000000040000000500000004000000050000000600000005000000040000000300000004000000050000000600000007000000060000000700000008000000090000000a0000000b0000000c0000000d0000000e0000000f0000000d0000000c0000000b0000000a0000000900000008000000070000000600000005000000040000000400000005000000060000000700000008000000090000000a0000000b0000000c0000000d0000000e0000000e0000000d0000000c0000000b0000000a0000000900000008000000070000000600000005000000040000000400000005000000060000000700000008000000090000000a0000000b0000000c0000000d0000000e0000000f0000000e0000000f0000000e0000000d0000000c0000000b0000000a0000000900000008000000070000000600000005000000040000000c0000000d0000000e0000000f000000
    y: 0200000002000000020000000200000002000000020000000200000003000000030000000300000003000000030000000300000004000000040000000400000004000000040000000300000003000000030000000300000002000000020000000200000002000000020000000300000003000000030000000300000004000000040000000400000004000000050000000500000005000000040000000400000004000000040000000300000003000000040000000400000005000000050000000500000005000000050000000600000006000000070000000700000006000000060000000700000008000000080000000800000009000000090000000a0000000a0000000a00000009000000090000000a0000000a0000000a0000000b0000000b0000000b0000000b0000000b0000000b0000000b0000000a0000000900000008000000070000000700000008000000080000000800000009000000090000000a00000009000000090000000a0000000a0000000a0000000b0000000b0000000b0000000c0000000c0000000b0000000b0000000c0000000c0000000c0000000c0000000c0000000c0000000c0000000c0000000c0000000b0000000d0000000d0000000d0000000d0000000d0000000d0000000d0000000d0000000d0000000d0000000e0000000e0000000e0000000e0000000e0000000e0000000e0000000e0000000e0000000e0000000d0000000e0000000f0000000f0000000f0000000f0000000f0000000f0000000f0000000f0000000f0000000f000000100000001000000010000000100000001000000010000000100000001000000010000000100000000f0000000f0000001000000010000000110000001100000011000000110000001100000011000000110000001100000011000000110000001100000012000000120000001200000011000000
  waterCaverns: []
  bigCavernIndex: 0
  mouseWorldPosition: {x: 98.395744, y: -0.0000019073486, z: 23.236267}
  mouseOverGrid: 0
  cellColor: {r: 0.47058824, g: 1, b: 0.47058824, a: 0.5882353}
  floorCellColor: {r: 0, g: 0.7058824, b: 1, a: 0.5882353}
  brushColor: {r: 0.8862745, g: 0.16078432, b: 0.1254902, a: 0.5882353}
  maskColor: {r: 1, g: 1, b: 1, a: 0.5882353}
  showGridAlways: 0
  showGrid: 1
  showAllMaps: 0
  showGeneralWorldSettings: 0
  showBlockPresets: 0
  showEdit: 0
  brushSize: 2
--- !u!4 &1067900645
Transform:
  m_ObjectHideFlags: 0
  m_PrefabParentObject: {fileID: 474786, guid: 613ee1cd02e14d943b20e59c1775a38f, type: 2}
  m_PrefabInternal: {fileID: 0}
  m_GameObject: {fileID: 1067900642}
  m_LocalRotation: {x: 0, y: 0, z: 0, w: 1}
  m_LocalPosition: {x: 0, y: 0, z: 0}
  m_LocalScale: {x: 1, y: 1, z: 1}
  m_Children: []
  m_Father: {fileID: 0}
  m_RootOrder: 2
  m_LocalEulerAnglesHint: {x: 0, y: 0, z: 0}
